@inproceedings{cakeml-vstte17io,
  author    = {Hugo Férée and
               Johannes \AA{}man Pohjola and
               Ramana Kumar and
               Scott Owens and
               Magnus O. Myreen and
               Son Ho},
  editor    = {Ruzica Piskac and
               Philipp Rümmer},
  title     = {Program Verification in the Presence of {I/O}: Semantics, verified library routines, and verified applications},
  booktitle = {Verified Software. Theories, Tools, and Experiments ({VSTTE})},
  year      = {2018},
  series    = {Lecture Notes in Computer Science},
  volume    = {11294},
  publisher = {Springer},
  url       = {https://cakeml.org/vstte18.pdf},
  doi       = {10.1007/978-3-030-03592-1\_6}}

@Misc{perennial-lang,
  author = {
  Tej Chajed and
  Joseph Tassarotti and
  Frans Kaashoek and
  Nickolai Zeldovich},
  title = {Perennial: language semantics},
  note = {\url{https://github.com/mit-pdos/perennial/blob/d71e8fa9291ba51eb4b59915f5ac94b728578899/src/goose_lang/lang.v}},
}

@article{sammler-2020,
author = {Sammler, Michael and Garg, Deepak and Dreyer, Derek and Litak, Tadeusz},
title = {The High-Level Benefits of Low-Level Sandboxing},
year = {2019},
issue_date = {January 2020},
publisher = {Association for Computing Machinery},
address = {New York, NY, USA},
volume = {4},
number = {POPL},
url = {https://doi.org/10.1145/3371100},
doi = {10.1145/3371100},
journal = {Proc. ACM Program. Lang.},
month = dec,
articleno = {Article 32},
numpages = {32},
keywords = {Iris, logical relations, Sandboxing, language-based security, type systems, robust safety}
}
