%%%%%%%%%%%%%%%%%%%%%%%%%%%%%%%%%%%%%%%%%%%%%%%%%%%%%%
%%%%%%%%%%%%%%%                            PROCEEDINGS                         %%%%%%%%%%%%%
%%%%%%%%%%%%%%%%%%%%%%%%%%%%%%%%%%%%%%%%%%%%%%%%%%%%%%

@INPROCEEDINGS{devrieseEuro16, 
author={D. Devriese and L. Birkedal and F. Piessens}, 
booktitle={2016 IEEE European Symposium on Security and Privacy (EuroS P)}, 
title={Reasoning about Object Capabilities with Logical Relations and Effect Parametricity}, 
year={2016}, 
volume={}, 
number={}, 
pages={147-162}, 
keywords={high level languages;inference mechanisms;Java;logic programming;security of data;reasoning;object capabilities;logical relations;effect parametricity;fine-grained privilege separation;programming languages;security;capability-safety;JavaScript;Cognition;Calculus;Computer languages;Security;Syntactics;Electronic mail;Data structures;object capabilities;effect parametricity;logical relations;capability-safety}, 
doi={10.1109/EuroSP.2016.22}, 
ISSN={}, 
month={March},}

@inproceedings{Krogh-Jespersen:2017,
 author = {Krogh-Jespersen, Morten and Svendsen, Kasper and Birkedal, Lars},
 title = {A Relational Model of Types-and-effects in Higher-order Concurrent Separation Logic},
 booktitle = {Proceedings of the 44th ACM SIGPLAN Symposium on Principles of Programming Languages},
 series = {POPL 2017},
 year = {2017},
 isbn = {978-1-4503-4660-3},
 location = {Paris, France},
 pages = {218--231},
 numpages = {14},
 url = {http://doi.acm.org/10.1145/3009837.3009877},
 doi = {10.1145/3009837.3009877},
 acmid = {3009877},
 publisher = {ACM},
 address = {New York, NY, USA},
 keywords = {Separation logic, automatic parallelisation, logical rela- tions, program transformation, type-and-effect system},
} 

@inproceedings{WoodruffISCA14,
 author = {Woodruff, Jonathan and Watson, Robert N.M. and Chisnall, David and Moore, Simon W. and Anderson, Jonathan and Davis, Brooks and Laurie, Ben and Neumann, Peter G. and Norton, Robert and Roe, Michael},
 title = {The CHERI Capability Model: Revisiting RISC in an Age of Risk},
 booktitle = {Proceeding of the 41st Annual International Symposium on Computer Architecuture},
 series = {ISCA '14},
 year = {2014},
 isbn = {978-1-4799-4394-4},
 location = {Minneapolis, Minnesota, USA},
 pages = {457--468},
 numpages = {12},
 url = {http://dl.acm.org/citation.cfm?id=2665671.2665740},
 acmid = {2665740},
 publisher = {IEEE Press},
 address = {Piscataway, NJ, USA},
}

@INPROCEEDINGS{watsonS&P15, 
author={R. N. M. Watson and J. Woodruff and P. G. Neumann and S. W. Moore and J. Anderson and D. Chisnall and N. Dave and B. Davis and K. Gudka and B. Laurie and S. J. Murdoch and R. Norton and M. Roe and S. Son and M. Vadera}, 
booktitle={2015 IEEE Symposium on Security and Privacy}, 
title={CHERI: A Hybrid Capability-System Architecture for Scalable Software Compartmentalization}, 
year={2015}, 
volume={}, 
number={}, 
pages={20-37}, 
keywords={data protection;operating systems (computers);program compilers;reduced instruction set computing;software architecture;CHERI;hybrid capability-system architecture;software compartmentalization;RISC instruction-set architecture;LLVM compiler;operating system;capability-based memory protection;C-language TCB;hardware-software object-capability model;Registers;Security;Kernel;Reduced instruction set computing;Libraries;Hardware;CHERI processor;capability system;software compartmentalization;computer architecture;memory protection;object capabilities}, 
doi={10.1109/SP.2015.9}, 
ISSN={1081-6011}, 
month={May},}

@inproceedings {mazzinghiTaPP18,
author = {Alfredo Mazzinghi and Ripduman Sohan and Robert N. M. Watson},
title = {Pointer Provenance in a Capability Architecture},
booktitle = {10th {USENIX} Workshop on the Theory and Practice of Provenance (TaPP 2018)},
year = {2018},
address = {London},
url = {https://www.usenix.org/conference/tapp2018/presentation/mazzinghi},
publisher = {{USENIX} Association},
}

@inproceedings{ChisnallBPA15,
 author = {Chisnall, David and Rothwell, Colin and Watson, Robert N.M. and Woodruff, Jonathan and Vadera, Munraj and Moore, Simon W. and Roe, Michael and Davis, Brooks and Neumann, Peter G.},
 title = {Beyond the PDP-11: Architectural Support for a Memory-Safe C Abstract Machine},
 booktitle = {Proceedings of the Twentieth International Conference on Architectural Support for Programming Languages and Operating Systems},
 series = {ASPLOS '15},
 year = {2015},
 isbn = {978-1-4503-2835-7},
 location = {Istanbul, Turkey},
 pages = {117--130},
 numpages = {14},
 url = {http://doi.acm.org/10.1145/2694344.2694367},
 doi = {10.1145/2694344.2694367},
 acmid = {2694367},
 publisher = {ACM},
 address = {New York, NY, USA},
 keywords = {C language, bounds checking, capabilities, compilers, memory protection, memory safety, processor design, security},
} 

@InProceedings{skorstengaardESOP18,
author="Skorstengaard, Lau
and Devriese, Dominique
and Birkedal, Lars",
editor="Ahmed, Amal",
title="Reasoning About a Machine with Local Capabilities",
booktitle="Programming Languages and Systems",
year="2018",
publisher="Springer International Publishing",
address="Cham",
pages="475--501"
}

@inproceedings{Ahmed2004SemanticsOT,
  title={Semantics of types for mutable state},
  author={Amal G Ahmed},
  year={2004},
  publisher={Ph.D. DIssertation. Princeton University}
}

@inproceedings{Frumin:2018,
 author = {Frumin, Dan and Krebbers, Robbert and Birkedal, Lars},
 title = {ReLoC: A Mechanised Relational Logic for Fine-Grained Concurrency},
 booktitle = {Proceedings of the 33rd Annual ACM/IEEE Symposium on Logic in Computer Science},
 series = {LICS '18},
 year = {2018},
 isbn = {978-1-4503-5583-4},
 location = {Oxford, United Kingdom},
 pages = {442--451},
 numpages = {10},
 url = {http://doi.acm.org/10.1145/3209108.3209174},
 doi = {10.1145/3209108.3209174},
 acmid = {3209174},
 publisher = {ACM},
 address = {New York, NY, USA},
 keywords = {Iris, Separation logic, atomicity, fine-grained concurrency, logical relations},
}

@inproceedings{Krebbers:2017,
 author = {Krebbers, Robbert and Timany, Amin and Birkedal, Lars},
 title = {Interactive Proofs in Higher-order Concurrent Separation Logic},
 booktitle = {Proceedings of the 44th ACM SIGPLAN Symposium on Principles of Programming Languages},
 series = {POPL 2017},
 year = {2017},
 isbn = {978-1-4503-4660-3},
 location = {Paris, France},
 pages = {205--217},
 numpages = {13},
 url = {http://doi.acm.org/10.1145/3009837.3009855},
 doi = {10.1145/3009837.3009855},
 acmid = {3009855},
 publisher = {ACM},
 address = {New York, NY, USA},
 keywords = {Coq, Fine-grained Concurrency, Interactive Theorem Proving, Logical Relations, Separation Logic},
} 

@inproceedings{Jung:2016,
 author = {Jung, Ralf and Krebbers, Robbert and Birkedal, Lars and Dreyer, Derek},
 title = {Higher-order Ghost State},
 booktitle = {Proceedings of the 21st ACM SIGPLAN International Conference on Functional Programming},
 series = {ICFP 2016},
 year = {2016},
 isbn = {978-1-4503-4219-3},
 location = {Nara, Japan},
 pages = {256--269},
 numpages = {14},
 url = {http://doi.acm.org/10.1145/2951913.2951943},
 doi = {10.1145/2951913.2951943},
 acmid = {2951943},
 publisher = {ACM},
 address = {New York, NY, USA},
 keywords = {Separation logic, compositional verification, fine-grained concurrency, higher- order logic, interactive theorem proving},
} 

@inproceedings{Jung:2015,
 author = {Jung, Ralf and Swasey, David and Sieczkowski, Filip and Svendsen, Kasper and Turon, Aaron and Birkedal, Lars and Dreyer, Derek},
 title = {Iris: Monoids and Invariants As an Orthogonal Basis for Concurrent Reasoning},
 booktitle = {Proceedings of the 42Nd Annual ACM SIGPLAN-SIGACT Symposium on Principles of Programming Languages},
 series = {POPL '15},
 year = {2015},
 isbn = {978-1-4503-3300-9},
 location = {Mumbai, India},
 pages = {637--650},
 numpages = {14},
 url = {http://doi.acm.org/10.1145/2676726.2676980},
 doi = {10.1145/2676726.2676980},
 acmid = {2676980},
 publisher = {ACM},
 address = {New York, NY, USA},
 keywords = {atomicity, compositional verification, fine-grained concurrency, higher-order logic, invariants, partial commutative monoids, separation logic},
} 

%%%%%%%%%%%%%%%%%%%%%%%%%%%%%%%%%%%%%%%%%%%%%%%%%%%%%%
%%%%%%%%%%%%%%%                                ARTICLES                             %%%%%%%%%%%%%
%%%%%%%%%%%%%%%%%%%%%%%%%%%%%%%%%%%%%%%%%%%%%%%%%%%%%%

@article{SkorstengaardPOPL19,
 author = {Skorstengaard, Lau and Devriese, Dominique and Birkedal, Lars},
 title = {StkTokens: Enforcing Well-bracketed Control Flow and Stack Encapsulation Using Linear Capabilities},
 journal = {Proc. ACM Program. Lang.},
 issue_date = {January 2019},
 volume = {3},
 number = {POPL},
 month = jan,
 year = {2019},
 issn = {2475-1421},
 pages = {19:1--19:28},
 articleno = {19},
 numpages = {28},
 url = {http://doi.acm.org/10.1145/3290332},
 doi = {10.1145/3290332},
 acmid = {3290332},
 publisher = {ACM},
 address = {New York, NY, USA},
 keywords = {capability machines, fully abstract compilation, fully abstract overlay semantics, linear capabilities, secure compilation, stack frame encapsulation, well-bracketed control flow},
} 

@article{sergeyDBLP18,
  author    = {Ilya Sergey and
               Amrit Kumar and
               Aquinas Hobor},
  title     = {Scilla: a Smart Contract Intermediate-Level LAnguage},
  journal   = {CoRR},
  volume    = {abs/1801.00687},
  year      = {2018},
  url       = {http://arxiv.org/abs/1801.00687},
  archivePrefix = {arXiv},
  eprint    = {1801.00687},
  timestamp = {Mon, 13 Aug 2018 16:46:01 +0200},
  biburl    = {https://dblp.org/rec/bib/journals/corr/abs-1801-00687},
  bibsource = {dblp computer science bibliography, https://dblp.org}
}

@unpublished{krogh19,
 author = {Morten Krogh-Jespersen and Amin Timany and Marit Edna Ohlenbusch and  Lars Birkedal},
 title = {Aneris: A Logic for Node-Local, Modular Reasoning of Distributed Systems},
 note = {Submitted for publication. 2018. preprint on webpage at \url{https://iris-project.org}}
}

@article{jung18,
 author = {Ralf Jung and Robbert Krebbers and Jacques-Henri Jourdan and Ale\v{s} Bizjak and Lars Birkedal and Derek Dreyer},
 title = {Iris from the ground up: A modular foundation for higher-order concurrent separation logic},
 journal = {Journal of Functional Programming},
 issue_date = {2018}, 
 year = {2018}
} 

@article{dreyer_neis_birkedal_2012, 
title={The impact of higher-order state and control effects on local relational reasoning}, 
volume={22}, 
DOI={10.1017/S095679681200024X}, 
number={4-5}, 
journal={Journal of Functional Programming}, 
publisher={Cambridge University Press}, 
author={Dreyer, Derek and Neis, Georg and Birkedal, Lars}, 
year={2012}, 
pages={477–528}}

@article{Timany:2017,
 author = {Timany, Amin and Stefanesco, L{\'e}o and Krogh-Jespersen, Morten and Birkedal, Lars},
 title = {A Logical Relation for Monadic Encapsulation of State: Proving Contextual Equivalences in the Presence of runST},
 journal = {Proc. ACM Program. Lang.},
 issue_date = {January 2018},
 volume = {2},
 number = {POPL},
 month = dec,
 year = {2017},
 issn = {2475-1421},
 pages = {64:1--64:28},
 articleno = {64},
 numpages = {28},
 url = {http://doi.acm.org/10.1145/3158152},
 doi = {10.1145/3158152},
 acmid = {3158152},
 publisher = {ACM},
 address = {New York, NY, USA},
 keywords = {Functional Programming Languages, Iris, Logical Relations, Program Logics, ST Monad, Theory of Programming Languages},
} 