@inproceedings{cakeml-vstte17io,
  author    = {Hugo Férée and
               Johannes \AA{}man Pohjola and
               Ramana Kumar and
               Scott Owens and
               Magnus O. Myreen and
               Son Ho},
  editor    = {Ruzica Piskac and
               Philipp Rümmer},
  title     = {Program Verification in the Presence of {I/O}: Semantics, verified library routines, and verified applications},
  booktitle = {Verified Software. Theories, Tools, and Experiments ({VSTTE})},
  year      = {2018},
  series    = {Lecture Notes in Computer Science},
  volume    = {11294},
  publisher = {Springer},
  url       = {https://cakeml.org/vstte18.pdf},
  doi       = {10.1007/978-3-030-03592-1\_6}}
